@ARTICLE{Mell:IJWF2007,
  author       = {W. Mell and M.A. Jenkins and J. Gould and P. Cheney},
  title        = {{A physics-based approach to modelling grassland fires}},
  journal      = {International Journal of Wildland Fire},
  volume       = 16,
  number       = 1,
  pages        = {1-22},
  year         = 2007}

@BOOK{Kalnay:2003,
  author       = {E. Kalnay},
  title        = {Atmospheric Modeling, Data Assimilation, and Predictability},
  publisher    = {Cambridge},
  year         = {2003},
}

@BOOK{Osher:2006,
  author       = {Osher, S. and Fedkiw, R.},
  title        = {Level Set Methods and Dynamic Implicit Surfaces},
  publisher    = {Springer},
  year         = {2006},
}


@BOOK{Sethian:1999,
  author       = {Sethian, J. A.},
  title        = {Level Set Methods and Fast Marching Methods: Evolving Interfaces in Computational Geometry, Fluid Mechanics, Computer Vision, and Materials Science},
  publisher    = {Cambridge},
  year         = {1999},
}


@article{Bakhshaii_2019,
author = {Bakhshaii, A. and Johnson, E.A.},
title = {A review of a new generation of wildfire–atmosphere modeling},
journal = {Canadian Journal of Forest Research},
volume = {49},
number = {6},
pages = {565-574},
year = {2019},
}

@article{Papadopoulos_2011,
author = {Papadopoulos, G. D. and Niovi Pavlidou, F.},
title = {A review of a new generation of wildfire–atmosphere modeling},
journal = {IEEE Systems Journal},
volume = {5},
number = {2},
pages = {233-243},
year = {2011},
}


@TECHREPORT{Anderson:1982,
  author       = {H.E. Anderson},
  title        = {{Aids to Determining Fuel Models for Estimating Fire Behavior}},
  month        = {April},
  year         = 1982,
  institution  = {Intermountain Forest and Range Experiment Station, USDA Forest Service},
  type         = {General Technical Report},
  number       = {INT-122},
  address      = {Ogden, Utah},
  note         = {\href{https://www.fs.usda.gov/treesearch/pubs/6447}{https://www.fs.usda.gov/treesearch/pubs/6447}}
}

@ARTICLE{Bova:IJWF2015,
  author       = {A.S. Bova and W.E. Mell and C.M. Hoffman},
  title        = {{A comparison of level set and marker methods for the simulation of wildland fire front propagation}},
  journal      = {International Journal of Wildland Fire},
  year         = {2015},
  volume       = {25},
  number       = {2},
  pages        = {229-241},
  note         = {\href{http://dx.doi.org/10.1071/WF13178}{http://dx.doi.org/10.1071/WF13178}}
}

@TECHREPORT{Finney:FARSITE,
  author       = {M.A. Finney},
  title        = {{Fire Area Simulator – Model, Development and Evaluation}},
  institution  = {United States Forest Service},
  year         = {2004},
  month        = {February},
  type         = {Research Paper},
  number       = {RMRS-RP-4 Revised},
  address      = {Rocky Mountain Research Station, Missoula, Montana},
  note         = {\href{http://www.fs.fed.us/rm/pubs/rmrs\_rp004.pdf}{http://www.fs.fed.us/rm/pubs/rmrs\_rp004.pdf}}
}

@manual{mcgratta_2013,
  author = {K. McGrattan and S. Hostikka and R. McDermott and J. Floyd and C. Weinschenk and K. Overholt},
  title = {{Fire Dynamics Simulator, User Guide}},
  organization = {National Institute of Standards and Technology, Gaithersburg, Maryland, USA, and VTT Technical Research Centre of Finland, Espoo, Finland},
  year = 2013,
  month = {September},
  type   = {NIST Special Publication},
  number = 1018,
  edition = {sixth},
  note = {Vol.~1: Mathematical Model; Vol.~2: Verification Guide; Vol.~3: Validation Guide; Vol.~4: Configuration Management Plan}
}

@manual{mcgratta_2013tr,
  author = {K. McGrattan and S. Hostikka and R. McDermott and J. Floyd and C. Weinschenk and K. Overholt},
  title = {{Fire Dynamics Simulator, Technical Reference Guide}},
  organization = {National Institute of Standards and Technology, Gaithersburg, Maryland, USA, and VTT Technical Research Centre of Finland, Espoo, Finland},
  year = 2013,
  month = {September},
  type   = {NIST Special Publication},
  number = 1018,
  edition = {sixth},
  note = {Vol.~1: Mathematical Model; Vol.~2: Verification Guide; Vol.~3: Validation Guide; Vol.~4: Configuration Management Plan}
}


@article{LAUTENBERGER_2013,
title = "Wildland fire modeling with an Eulerian level set method and automated calibration",
journal = "Fire Safety Journal",
volume = "62",
pages = "289 - 298",
year = "2013",
issn = "0379-7112",
note = {\href{https://doi.org/10.1016/j.firesaf.2013.08.014}{https://doi.org/10.1016/j.firesaf.2013.08.014}},
author = "Chris Lautenberger",
}


@article{coen_2013,
author = {Coen, Janice L. and Cameron, Marques and Michalakes, John and Patton, Edward G. and Riggan, Philip J. and Yedinak, Kara M.},
title = {WRF-Fire: Coupled Weather–Wildland Fire Modeling with the Weather Research and Forecasting Model},
journal = {Journal of Applied Meteorology and Climatology},
volume = {52},
number = {1},
pages = {16-38},
year = {2013},
note = {\href{https://doi.org/10.1175/JAMC-D-12-023.1}{https://doi.org/10.1175/JAMC-D-12-023.1}},
}

@ARTICLE{fadlun_2000,
  author       = {E.A. Fadlun and R. Verzicco and P. Orlandi and J. Mohd-Yusof},
  title        = {{Combined Immersed-Boundary Finite-Difference Methods for Three-Dimensional Complex Flow Simulations}},
  journal      = {Journal of Computational Physics},
  volume       = {161},
  pages        = {35-60},
  year         = {2000}
}

@ARTICLE{balaras_2004,
  Author       = {Elias Balaras},
  Journal      = {Computers \& Fluids},
  Number       = {3},
  Pages        = {375 - 404},
  Title        = {Modeling complex boundaries using an external force field on fixed Cartesian grids in large-eddy simulations},
  Volume       = {33},
  Year         = {2004},
}

@article{berger_2016,
title = "Cut Cells: Meshes and Solvers",
author = "M. Berger",
year = "2017",
note = {\href{https://doi.org/10.1016/bs.hna.2016.10.008}{https://doi.org/10.1016/bs.hna.2016.10.008}},
journal = "Handbook of Numerical Analysis",
pages = {1-22},
volume = {18}
}

@inproceedings{mcdermo_2018,
  title        = {Evaluation of temperature wall functions for large-eddy simulation over curvilinear geometries},
  author       = {R. McDermott and M. Vanella},
  year         = {2018},
  booktitle    = {71st Annual Meeting of the APS Division of Fluid Dynamics},
  eventdate    = {2018-11-18/2018-11-20},
  venue        = {Georgia World Congress Center},
  publisher    = {American Physical Society},
  location     = {Atlanta},
  volume       = {63 - 13},
  note         = {\href{http://meetings.aps.org/link/BAPS.2018.DFD.L32.8}{http://meetings.aps.org/link/BAPS.2018.DFD.L32.8}}
}

@TECHREPORT{mcdermott_2019,
  author       = {R. McDermott and N.P. Bryner and J. Heintz},
  title        = {Large Outdoor Fire Modeling (LOFM) Workshop Summary Report},
  institution  = {National Institute of Standards and Technology},
  year         = {2019},
  month        = {October},
  type         = {Special Publication},
  number       = {NIST SP - 1245},
  address      = {Gaithersburg, Mayland},
  note         = {\href{https://www.nist.gov/publications/large-outdoor-fire-modeling-lofm-workshop-summary-report}{https://www.nist.gov/publications/large-outdoor-fire-modeling-lofm-workshop-summary-report}}
}

@TECHREPORT{thomas_2017,
  author       = {D. Thomas and D. Butry and S. Gilbert and D. Webb and J. Fung},
  title        = {The Costs and Losses of Wildfires: A Literature Review },
  institution  = {National Institute of Standards and Technology},
  year         = {2017},
  month        = {November},
  type         = {Special Publication},
  number       = {NIST SP - 1215},
  address      = {Gaithersburg, Mayland},
  note         = {\href{https://www.nist.gov/publications/costs-and-losses-wildfires}{https://www.nist.gov/publications/costs-and-losses-wildfires}}
}

@article{boghani_2019,
author={P. Boghani},
title={Camp Fire: By the Numbers},
journal={Frontline},
publisher={Public Broadcasting Service},
year={2019},
month={October},
note         = {\href{https://www.pbs.org/wgbh/frontline/article/camp-fire-by-the-numbers/}{https://www.pbs.org/wgbh/frontline/article/camp-fire-by-the-numbers/}}
}


@TECHREPORT{richards_2020,
  author       = {L. Richards and N. Brew and L. Smith},
  title        = {2019–20 Australian bushfires—frequently asked questions: a quick guide},
  institution  = {Parliament of Australia},
  year         = {2020},
  month        = {March},
  type         = {Research Paper Series},
  number       = {2019-20, ISSN 2203-5249},
  address      = {Canberra, Australia},
  note         = {\href{https://parlinfo.aph.gov.au/parlInfo/download/library/prspub/7234762/upload\_binary/7234762.pdf}{https://parlinfo.aph.gov.au/parlInfo/download/library/prspub/7234762/upload\_binary/7234762.pdf}}
}

@ARTICLE{Rehm:1,
  author       = {Rehm, R.G. and Baum, H.R.},
  title        = {{The Equations of Motion for Thermally Driven, Buoyant Flows}},
  journal      = {Journal of Research of the NBS},
  volume       = {83},
  pages        = {297-308},
  year         = {1978},
}

@article{mcdermo_2014,
title = "A velocity divergence constraint for large-eddy simulation of low-Mach flows",
journal = "Journal of Computational Physics",
volume = "274",
pages = "413-431",
year = "2014",
note = {\href{http://dx.doi.org/10.1016/j.jcp.2014.06.019}{http://dx.doi.org/10.1016/j.jcp.2014.06.019}},
author = "Randall J. McDermott"
}

@TECHREPORT{Wilson:1980,
  author       = {R. Wilson},
  title        = {{Reformulation of forest fire spread equations in SI units}},
  year         = 1980,
  institution  = {Intermountain Forest and Range Experiment Station, USDA Forest Service},
  type         = {Research Note},
  number       = {INT-292},
  address      = {Ogden, Utah},
  note         = {\href{https://www.fs.usda.gov/treesearch/pubs/33592}{https://www.fs.usda.gov/treesearch/pubs/33592}}
}

@book{leveque_2002,
  title={Finite Volume Methods for Hyperbolic Problems},
  author={LeVeque, R.J.},
  isbn={9781139434188},
  series={Cambridge Texts in Applied Mathematics},
  year={2002},
  publisher={Cambridge University Press}
}

@incollection{eymard_2000,
title = "Finite volume methods",
series = "Handbook of Numerical Analysis",
publisher = "Elsevier",
volume = "7",
pages = "713 - 1018",
year = "2000",
booktitle = "Solution of Equation in Rn (Part 3), Techniques of Scientific Computing (Part 3)",
note = {\href{https://doi.org/10.1016/S1570-8659(00)07005-8}{https://doi.org/10.1016/S1570-8659(00)07005-8}},
author = "R. Eymard and T. Gallouet and R. Herbin",
}

@article{kirk_2003,
	Author = {M.P. Kirkpatrick and S.W. Armfield and J.H. Kent},
	note = {\href{https://doi.org/10.1016/S0021-9991(02)00013-X}{https://doi.org/10.1016/S0021-9991(02)00013-X}},
	Journal = {Journal of Computational Physics},
    Number = {1},
	Pages = {1 - 36},
	Title = {A representation of curved boundaries for the solution of the Navier--Stokes equations on a staggered three-dimensional Cartesian grid},
Volume = {184},
	Year = {2003},
}

@article{perot_1993,
  title        = "An Analysis of the Fractional Step Method ",
  journal      = "Journal of Computational Physics ",
  volume       = "108",
  number       = "1",
  pages        = "51 - 58",
  year         = "1993",
  author       = "J.Blair Perot"
}

@ARTICLE{Perez-Ramirez:FT2017,
  title        = {{Examination of WFDS in Modeling Spreading Fires in a Furniture Calorimeter}},
  author       = {Y. Perez-Ramirez and P.A. Santoni and J.B. Tramoni and F. Bosseur and W.E. Mell},
  journal      = {Fire Technology},
  volume       = {53},
  pages        = {1795-1832},
  year         = {2017},
  publisher    = {Springer Science + Business Media New York}
}

@TECHREPORT{Albini:1976,
  author       = {F.A. Albini},
  title        = {{Estimating Wildfire Behavior and Effects}},
  year         = 1976,
  institution  = {Intermountain Forest and Range Experiment Station, USDA Forest Service},
  type         = {Research Paper},
  number       = {INT-30},
  address      = {Ogden, Utah},
  note         = {\href{https://www.fs.fed.us/rm/pubs_int/int_gtr030.pdf}{https://www.fs.fed.us/rm/pubs$\_$int/int$\_$gtr030.pdf}}
}

@ARTICLE{Richards:1990,
  author       = {G.D. Richards},
  title        = {{An elliptical growth model of forest fire fronts and its numerical solution}},
  journal      = {International Journal for Numerical Methods in Engineering},
  volume       = {30},
  year         = {1990},
  pages        = {1163-1179}
}

@ARTICLE{Cheney:IJWF1993,
  author       = {N.P. Cheney and J.S. Gould and W.R. Catchpole},
  title        = {{The Influence of Fuel, Weather and Fire Shape Variables on Fire-Spread in Grasslands}},
  journal      = {International Journal of Wildland Fire},
  number       = 1,
  year         = 1993,
  volume       = 3,
  pages        = {31-44}
}
  
@ARTICLE{Morvan:CF2004,
  author       = {D. Morvan and J.L. Dupuy},
  title        = {{Modeling the propagation of a wildfire through a Mediterranean shrub using a multiphase formulation}},
  journal      = {Combustion and Flame},
  volume       = 138,
  number       = 3,
  pages        = {199-210},
  year         = 2004
}

@ARTICLE{Susott:FS1982,
  author       = {R.A. Susott},
  title        = {{Characterization of the thermal properties of forest fuels by combustible gas analysis}},
  journal      = {Forest Science},
  year         = 1982,
  volume       = 2,
  pages        = {404-420}
}

@INBOOK{SFPE:Tewarson,
  author       = {M.M. Khan and A. Tewarson and M. Chaos},
  booktitle    = {SFPE Handbook of Fire Protection Engineering},
  title        = {{Combustion Characteristics of Materials and Generation of Fire Products}},
  chapter      = {36},
  publisher    = {Springer},
  year         = {2016},
  edition      = {5th},
  address      = {New York},
  pages        = {1143-1232}
}

@TECHREPORT{Falkenstein-Smith:2018,
  author       = {R. Falkenstein-Smith and K. McGrattan and B. Toman and M. Fernandez},
  title        = {{Measurement of the Flow Resistance of Vegetation}},
  institution  = {National Institute of Standards and Technology},
  year         = {2019},
  month        = {March},
  type         = {{NIST Technical Note}},
  number       = {2039},
  address      = {Gaithersburg, Maryland},
  note         = {\href{https://doi.org/10.6028/NIST.TN.2039}{https://doi.org/10.6028/NIST.TN.2039}}
}

@TECHREPORT{Farouki:1981,
  author       = {O.T. Farouki},
  title        = {{Thermal properties of soils}},
  institution  = {U.S. Army Corps of Engineers, Cold Regions Research and Engineering Laboratory},
  month        = {December},
  year         = 1981,
  type         = {CRREL Monograph},
  number       = {81-1},
  address      = {Hanover, New Hampshire}
}

@ARTICLE{McDermott:2015,
  author       = {R. McDermott and J. Floyd},
  title        = {{Enforcing realizability in explicit multi-component species transport}},
  journal      = {Fire Safety Journal},
  year         = 2015,
  volume       = 78,
  pages        = {180-187}
}

@misc{QGIS,
   note        = {\href{https://qgis.org/en/site/}{https://qgis.org/en/site/}}
}

@misc{qgis2fds,
   note        = {\href{https://github.com/firetools/qgis2fds/wiki/}{https://github.com/firetools/qgis2fds/wiki/}}
}

@article{Trucchia:2020,
  author       = {Trucchia, Andrea and D’Andrea, Mirko and Baghino, Francesco and Fiorucci, Paolo and Ferraris, Luca and Negro, Dario and Gollini, Andrea and Severino, Massimiliano},
  year         = {2020},
  month        = {07},
  pages        = {26},
  title        = {PROPAGATOR: An Operational Cellular-Automata Based Wildfire Simulator},
  volume       = {3},
  journal      = {Fire},
  note          = {\href{https://doi.org/10.3390/fire3030026}{https://doi.org/10.3390/fire3030026}}
}