@article{Economist:2018,
	author={},
	journal={The Economist},
	title={Software can model how a wildfire will spread: And also how to stop it happening},
	year={2018},
	url={https://www.economist.com/science-and-technology/2018/08/02/software-can-model-how-a-wildfire-will-spread}
}

@misc{Headwaters:2011,
	author={},
	title={{U.S.~Communities Dealing with WUI Fire}},
	howpublished={Headwaters Economics Fact Sheet},
	month={Jan},
	year={2011},
	url={http://www.headwaterseconomics.org}
}

@techreport{Hall:2012,
	author = {J. R. {Hall, Jr.}},
	title = {{The Total Cost of Fire in the United States}},
	institution = {National Fire Protection Agency},
	address= {Quincy, MA},
	number = {},
	year = {2012},
}

@techreport{Thomas:2017,
	author = {D. Thomas and D. Butry and S. Gilbert and D. Webb and J. Fung},
	title = {{The Costs and Losses of Wildfires: A Literature Survey}},
	institution = {National Institute of Standards and Technology},
	address= {Gaithersburg, MD},
	number = {NIST SP 1215},
	month = {Nov},
	year = {2017},
	url={https://doi.org/10.6028/NIST.SP.1215}
}

@misc{ASME:2009,
	author={},
	title={{All-Hazards Risk and Resilience: Prioritizing Critical Infrastructures Using the RAMCAP Plus Approach}},
	howpublished={},
	month={},
	year={2009},
	url={https://files.asme.org/ASMEITI/RAMCAP/17978.pdf}
}

@misc{LANDFIRE,
	howpublished={U.S.~Department of Agriculture Forest Service and U.S.~Department of the Interior},
	title={{LANDFIRE: Landscape Fire and Resource Management Planning Tools}},
	url={https://www.landfire.gov}
}

@techreport{Rothermel:1972,
	author = {R. C. Rothermel},
	title = {A mathematical model for predicting fire spread in wildland fuels},
	institution = {USDA Forest Service},
	address= {Ogden, Utah},
	year = {1972},
	number = {INT-115},
	note = {\href{http://www.treesearch.fs.fed.us/pubs/32533}{http://www.treesearch.fs.fed.us/pubs/32533}}
}

@misc{Firemap,
	howpublished={WIFIRE Lab at University of California, San Diego, and the National Science Foundation},
	title={{Firemap: A tool for data-driven predictive modeling}},
	url={https://wifire.ucsd.edu/firemap}
}

@article{DelReal:2019,
	title={{Can `Big Data' Help Fight Big Fires? Firefighters Are Betting On It}},
	url={https://www.nytimes.com/2019/06/24/us/wildfires-big-data-california.html},
	journal={New York Times},
	author={Del Real, Jose A.},
	year={2019},
	month={Jun}
}

@misc{CAWFE,
	howpublished={National Center for Atmospheric Research},
	title={{Coupled Atmosphere-Wildland Fire Environmant (CAWFE)}},
	url={https://ral.ucar.edu/solutions/products/coupled-atmosphere-wildland-fire-environment-cawfe}
}

@article{Coen:2013,
	author={J. L. Coen and M. Cameron and J. Michalakes and E. G. Patton and P. J. Riggan and K. M. Yedinak},
	title={{WRF-Fire: Coupled Weather-Wildland Fire Modeling with the Weather Research and Forecasting Model}},
	journal={J. Appl. Meteor. Climatol.},
	volume = {52},
	year={2013},
	note = {\href{https://doi.org/10.1175/JAMC-D-12-023.1}{https://doi.org/10.1175/JAMC-D-12-023.1}}
}

@misc{WRF-Fire,
	howpublished={National Center for Atmospheric Research},
	title={{WRF-Fire: Weather Research and Forecasting (WRF) Fire module}},
	url={https://ral.ucar.edu/solutions/products/wrf-fire-wildland-fire-modeling}
}

@misc{WRF-SFIRE,
	howpublished={WRF-SFIRE. Open Wildland Fire Modeling e-Community},
	url={https://www.openwfm.org/wiki/WRF-SFIRE_user_guide}
}

@article{Mandel:2009,
	author={J. Mandel and J. D. Beezley and J. L. Coen and M. Kim},
	title={{Data assimilation for wildland fires: Ensemble Kalman filters in coupled atmosphere-surface models}},
	journal={IEEE Control Systems Magazine},
	volume = {9},
	number = {3},
	pages = {47–65},
	year={2009},
	note = {\href{https://doi.org/10.1109/MCS.2009.932224}{https://doi.org/10.1109/MCS.2009.932224}}
}

@article{Mandel:2011,
	author={J. Mandel and J. D. Beezley and A. K. Kochanski},
	title={{Coupled atmosphere-wildland fire modeling with WRF 3.3 and SFIRE 2011}},
	journal={Geosci. Model Dev.},
	volume = {4},
	pages = {591-610},
	year={2011},
	note = {\href{https://doi.org/10.5194/gmd-4-591-2011}{https://doi.org/10.5194/gmd-4-591-2011}}
}

@article{Mandel:2014,
	author={J. Mandel and S. Amram and J. D. Beezley and G. Kelman and A. K. Kochanski and V. Y. Kondratenko and B. H. Lynn and B. Regev and M. Vejmelka},
	title={{Recent advances and applications of WRF-SFIRE}},
	journal={Nat. Hazards Earth Syst. Sci.},
	volume = {14},
	pages = {2829-2845},
	year={2015},
	note = {\href{https://doi.org/10.5194/nhess-14-2829-2014}{https://doi.org/10.5194/nhess-14-2829-2014}}
}

@article{Kochanski:2016,
	author={A. K. Kochanski and M. A. Jenkins and K. Yedinak and J. Mandel and J. Beezley and B. Lamb},
	title={{Toward an integrated system for fire, smoke, and air quality simulations}},
	journal={Int. J. Wildland Fire},
	volume = {25},
	pages = {534–546},
	year={2016},
	note = {\href{https://doi.org/10.1071/WF14074}{https://doi.org/10.1071/WF14074}}
}

@techreport{Burgan:1984,
	author = {R. E. Burgan and R. C. Rothermel},
	title = {{BEHAVE: Fire Behavior Prediction and Fuel Modeling System---Fuel Subsystem}},
	institution = {U.S.~Forest Service, Intermountain Forest and Range Experiment Station},
	address= {Ogden, UT},
	year = {1984},
	number = {INT 167},
	note={\href{https://www.fs.fed.us/rm/pubs\_int/int\_gtr167.pdf}{https://www.fs.fed.us/rm/pubs\_int/int\_gtr167.pdf}}
}

@techreport{Andrews:1986,
	author = {P. L. Andrews},
	title = {{BEHAVE: Fire Behavior Prediction and Fuel Modeling System---Burn Subsystem}},
	institution = {U.S.~Forest Service, Intermountain Forest and Range Experiment Station},
	address= {Ogden, UT},
	year = {1986},
	number = {INT 194},
	url={https://www.fs.fed.us/rm/pubs_int/int_gtr194.pdf}
}

@misc{FARSITE,
	howpublished={U.S.~Forest Service},
	title={{FARSITE wildfire growth and behavior model}},
	url={https://www.firelab.org/project/farsite}
}

@misc{FlamMap,
	howpublished={U.S.~Forest Service},
	title={{FlamMap fire behavior mapping and analysis program}},
	url={https://www.firelab.org/project/flammap}
}

@misc{WFDSS,
	title={{Wildland Fire Decision Support System (WFDSS)}},
	url={https://wfdss.usgs.gov/wfdss/WFDSS_Home.shtml}
}

@misc{NTFB,
	howpublished={Wildland Fire Decision Support System (WFDSS)},
	title={{Near-Term Fire Behavior (NTFB) 2D fire growth model}},
	url={https://wfdss.usgs.gov/wfdss/pdfs/NTFB.pdf}
}

@misc{FSPro,
	howpublished={Wildland Fire Decision Support System (WFDSS)},
	title={{FSPro (Fire Spread Probability) is a geospatial probabilistic model}},
	url={https://wfdss.usgs.gov/wfdss/pdfs/FSPro.pdf}
}

@misc{Propagator,
	howpublished={ANYWHERE Multi-hazard Forecasting Products},
	title={{PROPAGATOR -- Propagation of a wildfire}},
	url={http://aqua.upc.es/anywhere-catalogue-v2/?product=propagator-propagation-of-a-wildfire-cima}
}

@inproceedings{Biondi:2010,
	title={{PROPAGATOR: a rapid and effective tool for active fire risk assessment}},
	booktitle={Geophysical Research Abstracts},
	note={Vol. 12, EGU2010-10877-1},
	author={Biondi, G. and D'Andrea, M. and Fiorucci, P. and Gaetani, F. and Negro, D.},
	year={2010}
}

@misc{FIRETEC,
	howpublished={Los Alamos National Laboratory},
	title={{HIGRAD/FIRETEC: Coupled Fire/Atmosphere Modeling}},
	url={https://www.lanl.gov/orgs/ees/ees16/FIRETEC.shtml}
}

@article{Linn:2007,
	title={{Coupled influences of topography and wind on wildland fire behaviour}},
	journal={Int. J. Wildland Fire},
	volume={16},
	number={2},
	pages={183-195},
	author={Linn, R. and Winterkamp, J. and Edminster, C. and Colman, J. J. and Smith, W. S.},
	year={2007}
}

@misc{FDS-SMV_repository,
	howpublished={{National Institute of Standards and Technology}},
	title={{Fire Dynamics Simulator (FDS)}},
	url={https://github.com/firemodels/fds}
}


@inproceedings{Finney:2010,
	title={{Continental-scale simulation of burn probabilities, flame lengths, and fire size distribution for the United States}},
	booktitle={VI International Conference on Forest Fire Research},
	editor={D.X. Viegas},
	author={M. A. Finney and C. W. McHugh and I. Grenfell and K. L. Riley},
	year={2010}
}

@misc{FSim,
	howpublished={{U.S.~Forest Service}},
	title={{Fire Simulation (FSim) system}},
	url={https://www.fs.fed.us/rmrs/front-page-highlights/new-generation-fsim-products-online}
}

@misc{WFDS,
	author={W. Mell},
	howpublished={{U.S.~Forest Service}},
	title={{Wildland-Urban Interface Fire Dynamics Simulator (WFDS)}},
	url={https://www.fs.usda.gov/pnw/projects/wildland-urban-interface-fire-dynamics-simulator-wfds}
}

@article{Mell:2009,
	author={W. Mell and A. Maraghides and R. McDermott and S. L. Manzello},
	title={{Numerical simulation and experiments of burning douglas fir trees}},
	journal={Combustion and Flame},
	volume={156},
	pages={2023-2041},
	year={2009}
}

@misc{FireFOAM,
	howpublished={{FM Global}},
	title={{Open Source Fire Modeling based on OpenFOAM}},
	url={https://github.com/fireFoam-dev}
}

@article{Wang:2011,
	author = {Wang, Y. and Chatterjee, P. and {de Ris}, J. L.},
	year = {2011},
	month = {12},
	pages = {2473-2480},
	title = {Large eddy simulation of fire plumes},
	volume = {33},
	journal = {Proceedings of The Combustion Institute - PROC COMBUST INST},
	doi = {10.1016/j.proci.2010.07.031}
}

@misc{FRPAM,
	author={A. Arnalich and M. Andreini and O. Rios and S. La Mendola},
	howpublished={{CERN Fire Safety Engineering Team}},
	title={{FRPAM: Fire Response Probabilistic Assessment Model}},
	url={https://indico.cern.ch/event/678370/contributions/2778299/attachments/1574376/2485516/171211_WorkshopPBDItalianService_002.pdf}
}

@techreport{White:2017,
	author = {White, R. and Hessburg, P. and Larkin, S. and Varner, M.},
	year = {2017},
	title = {Smoke in a new era of fire},
	number = {Science Update 24},
	institution = {U.S.~Forest Service}
}

@misc{BlueSky,
	howpublished={{U.S.~Forest Service}},
	title={{BlueSky Modeling Framework}},
	url={https://www.fs.usda.gov/pnw/tools/bluesky-framework}
}

@article{Larkin:2009,
	author = {N. K. Larkin and S. M. {O'Neill} and R. Solomon and S. Raffuse and T. Strand and D. C. Sullivan and C. Krull and M. Rorig and J. L. Peterson and S. A. Ferguson},
	year = {2009},
	pages = {906-920},
	title = {The {BlueSky} smoke modeling framework},
	volume = {18},
	journal = {Int. J. Wildland Fire},
	doi = {10.1071/WF07086}
}

@incollection{ONeill:2009,
  author       = {S. M. {O'Neill} and N. K. Larkin and J. Hoadley and G. Mills and J. K. Vaughan and R. R. Draxler and G. Rolph and M. Ruminski and S. A. Ferguson},
  title        = {Regional Real-Time Smoke Prediction Systems},
  booktitle    = {Developments in Environmental Science},
  publisher    = {Elsevier},
  year         = 2009,
  editor       = {A. Bytnerowicz, M. Arbaugh, A. Riebau and C. Andersen},
  volume       = 8,
  chapter      = 22,
  pages        = {499-533}
}

@article{Raffuse:2012,
	author = {S. M. Raffuse and K. J. Craig and N. K. Larkin and T. T. Strand and D. C. Sullivan and N. J. M. Wheeler and R. Solomon},
	year = {2012},
	pages = {103-123},
	title = {{An Evaluation of Modeled Plume Injection Height with Satallite-Derived Observed Plume Height}},
	volume = {3},
	journal = {Atmosphere},
	doi = {10.3390/atmos3010103}
}

@misc{EFFIS,
	howpublished={{European Commission}},
	title={{European Forest Fire Information System (EFFIS) }},
	url={http://effis.jrc.ec.europa.eu/}
}

@misc{ELMFIRE,
	howpublished={{REAX Engineering}},
	title={{ELMFIRE (Eulerian Level Set Model of Fire Spread)}},
	url={https://reaxengineering.com/california-wildfires/}
}

@techreport{Rehm:2011,
	author = {R. G. Rehm and R. J. McDermott},
	title = {{Mathematical Modeling of Wildland-Urban Interface Fires}},
	institution = {National Institute of Standards and Technology},
	address= {Gaithersburg, MD},
	year = {2011},
	number = {Technical Note 1712},
	url={https://ws680.nist.gov/publication/get_pdf.cfm?pub_id=909497}
}

@misc{Prometheus,
	howpublished={{Canadian Interagency Forest Fire Centre}},
	title={{Prometheus: the Canadian Wildland Fire Growth Simulation Model}},
	url={http://www.firegrowthmodel.ca/}
}

@misc{Spark,
	howpublished={{Commonwealth Scientific and Industrial Research Organisation (CSIRO)}},
	address={Black Mountain, Australia},
	title={{Spark toolkit: GPU-based computational fire propagation}},
	url={https://research.csiro.au/spark/}
}

@misc{FireFly,
	title="FireFly: data-driven front-tracking",
	howpublished="{CERFACS} and {T}he {U}niversity of {M}aryland",
	url="https://firefly.cerfacs.fr/en/"
}

@misc{Technosylva:1,
	howpublished={{Technosylva}},
	title={{Wildfire Analyst: Analyszing Wildfire Behavior / Simulating Wildfire Spread}},
	url={https://technosylva.com/wildfire-analyst/}
}

@misc{GFS-FV3,
	howpublished={{National Oceanographic and Atmospheric Administration}},
	title={{NOAA to develop new global weather model}},
	url={https://www.noaa.gov/media-release/noaa-to-develop-new-global-weather-model}
}

@article{Coen:2018,
	author = {J. L. Coen and W. Schroeder and B. Quayle},
	year = {2018},
	month = {Nov},
	pages = {},
	title = {{The Generation and Forecast of Extreme Winds during the Origin and Progression of the 2017 Tubbs Fire}},
	volume = {9},
	number = {42},
	journal = {Atmosphere},
	doi = {10.3390/atmos9120462}
}

@article{Coen:2015,
	author = {J. L. Coen and W. Schroeder},
	title = {{The High Park Fire: Coupled weather-wildland fire model simulation of a windstorm-driven wildfire in Colorado's Front Range}},
	year = {2015},
	pages = {131-146},
	volume = {120},
	journal = {J. Geophys. Res. Atmos.}
}

@techreport{Coen:2,
	author = {J. L. Coen},
	title = {{Modeling Wildland Fires: A Description of the Coupled Atmosphere-Wildland Fire Environment Model (CAWFE)}},
	institution = {National Center for Atmospheric Research},
	address= {Boulder, CO},
	year = {2013},
	number = {NCAR/TN500+STR}
}

@misc{NOAA-NHC,
	howpublished={{National Oceanographic and Atmospheric Administration}},
	title={{National Hurricane Center}},
	url={https://www.nhc.noaa.gov/}
}

@article{Hanson:2000,
	author={H. P. Hanson and M. M. Bradley and J. E. Bossert and R. R. Linn and L. W. Younker},
	title={{The potential and promise of physics-based wildfire simulation}},
	journal={Environmental Science and Policy},
	volume={3},
	number={},
	pages={161-172},
	year={2000}
}

@article{Morvan:2018,
	author = {D. Morvan and G. Accary and S. Meradji and N. Frangieh and O. Bessonov},
	title = {A {3D} physical model to study the behavior of vegetative fires at laboratory scale},
	year = {2018},
	pages = {39-52},
	volume = {101},
	journal = {Fire Safety Journal},
	doi = {10.1016/j.firesaf.2018.08.011}
}

@misc{ForeFire,
	howpublished={{Universit\`{a} di Corsica, Pasquale Paoli}},
	title={{ForeFire}},
	url={http://forefire.univ-corse.fr/}
}

@article{Filippi:2009,
	author = {J. B. Filippi and F. Bosseur and C. Mari and C. Lac and P. Le Moigne and B. Cuenot and D. Veynante and D. Cariolle and J.-H. Balbi},
	title = {{Coupled Atmosphere-Wildland Fire Modelling}},
	year = {2009},
	pages = {39-52},
	volume = {1},
	journal = {J. Adv. Model. Earth Syst.},
	doi = {10.3894/JAMES.2009.1.11}
}

@article{Liu_et_al,
	author = {Y. Liu and A. Kochanski and K. R. Baker and W. Mell and R. Linn and R. Paugam and J. Mandel and A. Fournier and M. A. Jenkins and S. Goodrick and G. Achtemeier and F. Zhao and R. Ottmar and N. HF French and N. Larkin and T. Brown and A. Hudak and M. Dickinson and B. Potter and C. Clements and S. Urbanski and S. Prichard and A. Watts and D. McNamara},
	title = {{Fire behavior and smoke modeling: Model improvement and measurement needs for next-generation smoke research and forecasting systems}},
	year = {In review},
	pages = {},
	volume = {},
	journal = {Submitted to Int. J. Wildland Fire},
	doi = {}
}

@article{Rolph:2009,
	author = {G. D. Rolph and R. R. Draxler and A. R. Stein and A. Taylor and M. G. Ruminski and S. Kondragunta and J. Zeng and H.-C. Huang and G. Manikin and J. T. Mcqueen and P. M. Davidson},
	title = {{Description and Verification of the NOAA Smoke Forecasting System: The 2007 Fire Season}},
	year = {2009},
	pages = {361-378},
	volume = {24},
	journal = {Weather and Forecasting},
	doi = {10.1175/2008WAF2222165.1}
}

@article{Stein:2009,
	author = {A. F. Stein and G. D. Rolph and R. R. Draxler and B. Stunder and M. Ruminski},
	title = {{Verification of the NOAA Smoke Forecasting System: Model Sensitivity to the Injection Height}},
	year = {2009},
	pages = {379-394},
	volume = {24},
	journal = {Weather and Forecasting},
	doi = {10.1175/2008WAF2222166.1}
}

@misc{CampSwift,
	author = {W. E. Mell and D. McNamara and A. Maranghides},
	title={{Camp Swift Experiment 2014: Integrated Data Quality Assessment}},
	url={https://usfs.maps.arcgis.com/apps/MapJournal/index.html?appid=aa3726577d9549a2a26b7d000fb98512}
}

@article{Manzello:2018,
	author={S. L. Manzello and R. Blanchi and M. J. Gollner and D. Gorham and S. McAllister and E. Pastor and E. Planas and P. Reszka and S. Suzuki},
	journal={Fire Safety Journal},
	title={Summary of workshop large outdoor fires and the built environment},
	volume={100},
	pages={76-92},
	year={2018},
	doi = {10.1016/j.firesaf.2018.07.002}
}

@incollection{Babrauskas,
  author       = {Vytenis Babrauskas},
  title        = {{F}irebrands and {E}mbers},
  booktitle    = {{E}ncyclopedia of {W}ildfires and {W}ildland-{U}rban {I}nterface ({WUI}) {F}ires},
  publisher    = {Springer International Publishing},
  year         = 2018,
  editor       = {S. L. Manzello},
  url          = {https://doi.org/10.1007/978-3-319-51727-8_3-1}
}

@misc{Finney_personal_comm,
	howpublished={Mark Finney, U.S.~Forest Service, Missoula, MT, personal communication}
}

@article{Prichard:2019,
	author={S. Prichard and N. K. Larkin and R. Ottmar and N. H. F. French and K. Baker and T. Brown and C. Clements and M. Dickinson and A. Hudak and A. Kochanski and R. Linn and Y. Liu and B. Potter and W. Mell and D. Tanzer and S. Urbanski and A. Watts},
	journal={Atmosphere},
	title={{The Fire and Smoke Model Evaluation Experiment---A Plan for Integrated, Large Fire-Atmosphere Field Campaigns}},
	volume={10},
	pages={1-23},
	year={2019},
	doi ={10.3390/atmos10020066}
}

@misc{FIREX-AQ,
	author = {C. Warneke and J. P. Schwarz and T. Ryerson and J. Crawford and J. Dibb and B. Lefer and J. Roberts and M. Trainer and D. Murphy and S. Brown},
	title={{Fire Influence on Regional Global Environments and Air Quality (FIREX-AQ): A NOAA/NASA Interagency Intensive Study of North American Fires}},
	year={2018},
	url={https://www-air.larc.nasa.gov/missions/firex-aq/docs/whitepaper.pdf}
}

@misc{WE-CAN,
	title={{Western Wildfire Experiment for Cloud Chemistry, Aerosol Absorption and Nitrogen (WE-CAN)}},
	url={https://www.eol.ucar.edu/field_projects/we-can}
}

@article{Ottmar:2016,
	author={R. D. Ottmar and K. H. Hiers and C. B. Clements and B. Butler and M. B. Dickinson and B. Potter and J. J. O'Brien and A. T. Hudak and E. M. Rowell and T. J. Zajkowski},
	journal={Int. J. Wildland Fire},
	title={{Measurments, datasets and preliminary result from the RxCADRE project-2008, 2011 and 2012}},
	volume={25},
	pages={1-9},
	year={2016}
}

@misc{SERDP-website,
	title={{Strategic Environmental Research and Development Program (SERDP)}},
	url={https://www.serdp-estcp.org/}
}

@techreport{Larkin:2012,
	author = {N. K. Larkin and T. T. Stand and S. A. Drury and S. M. Raffuse and R. C. Solomon and S. M. O'Neill and S. Huang and N. Wheeler},
	title = {{Phase 1 of the Smoke and Emissions Model Intercomparison Project (SEMIP): Test Cases, Methods, and Analysis Results}},
	institution = {Joint Fire Science Program},
	address= {Boise, ID, USA},
	number = {42},
	year = {2012},
}

@misc{AMS-glossary,
	title={{American Meteorological Society (2019) - Glossary of Meteorology}},
	url={http://glossary.ametsoc.org/wiki/Pyrocumulonimbus}
}

@article{Ford:2018,
	author={B. Ford and M. Val Martin and S. E. Zelansky and E. V. Fischer and S. C. Anenberg and C. L. Heald and J. R. Pierce},
	journal={GeoHealth},
	title={{Future Fire Impacts on Smoke Concentrations, Visibility, and Health in the Continguous United States}},
	volume={2},
	pages={229-247},
	year={2018},
	doi ={0.1029/2018GH000144}
}

@techreport{EPA_SMOKE:2019,
	author = {S. L. Stone et al.},
	title = {{Wildfire Smoke: A Guide for Public Health Officials}},
	institution = {Evironmental Protection Agency},
	number = {EPA-452/R-19-901},
	year = {2019},
}

@article{Goodkind:2019,
	author={A. L. Goodkind and C. W. Tessum and J. S. Coggins and J. D. Hill and J. D. Marshall},
	journal={Proceedings of the National Academy of Sciences of the United States of America},
	title={Fine-scale damage estimates of particulate matter air pollution reveal opportunities for location-specific mitigation of emissions},
	volume={116},
	pages={8775-8780},
	year={2019},
	doi ={10.1073/pnas.1816102116}
}



